@article{Benjamin:etal:2003,
author = {Benjamin, M. A. and Rigby, R. A. and Stasinopoulos, D. M.},
title = {Generalized autoregressive moving average models},
journal = {Journal of the American Statistical Association},
volume = {98},
number = {461},
pages = {214--223},
year = {2003},
doi = {10.1198/016214503388619238}
}

@book{Chatterjee:Hadi:2006,
  title={Regression Analysis by Example},
  author={Chatterjee, S. and Hadi, A. S.},
  year={2006},
  publisher={John Wiley \& Sons},
  address={Hoboken, New Jersey}
}

@book{Hastie:etal:2009,
  title={The Elements of Statistical Learning: Data Mining, Inference, and Prediction},
  author={Hastie, T. J. and Tibshirani, R. J. and Friedman, J. H.},
  year={2009},
  edition={2},
  publisher={Springer},
  address={New York},
  doi={10.1007/978-0-387-84858-7}
}

@inbook{Kohn:etal:2000,
  title={Spline and kernel regression for dependent data},
  author={Kohn, R. and Schimek, M. G. and Smith, M.},
  booktitle={Smoothing and Regression: Approaches, Computation, and Application},
  editor={Schimek, M. G.},
  chapter={6},
  pages={135--158},
  year={2000},
  publisher={John Wiley \& Sons, Inc.},
  address = {New York},
  doi={10.1002/9781118150658.ch6}
}

@article{Lyubchich:etal:2019:wires,
   author = {Lyubchich, V. and Newlands, N. K. and Ghahari, A. and Mahdi, T. and Gel, Y. R.},
   title = {Insurance risk assessment in the face of climate change: integrating data science and statistics},
   journal = {Wiley Interdisciplinary Reviews: Computational Statistics},
   year = {2019},
   volume = {11},
   pages={e1462},
   doi={10.1002/wics.1462}
}

@article{Stasinopoulos:Rigby:2007,
  author =	{Stasinopoulos, D. M. and Rigby, R. A.},
  title =	{Generalized Additive Models for Location Scale and Shape ({GAMLSS}) in {R}},
  journal =	{Journal of Statistical Software},
  volume =	{23},
  number =	{7},
  pages =	{1--46},
  year = 	{2007}
}

@book{Wood:2006book,
  title={Generalized Additive Models: An Introduction with R},
  author={Wood, S. N.},
  year={2006},
  address={New York},
  publisher={Chapman and Hall/CRC}
}

@book{Zuur:etal:2009,
  title={Mixed Effects Models and Extensions in Ecology with {R}},
  author={Zuur, A. and Ieno, E. N. and Walker, N. J. and Saveliev, A. A. and Smith, G. M.},
  year ={2009},
  publisher = {Springer},
  address = {New York},
  doi = {10.1007/978-0-387-87458-6}
}
